<?xml version="1.0" encoding="UTF-8"?><collection xmlns="http://www.loc.gov/MARC21/slim"><record><leader>00397nam--2200133-i-4500</leader><controlfield tag="001">000008970</controlfield><controlfield tag="002">20161230</controlfield><controlfield tag="005">20161230201028</controlfield><controlfield tag="008">060222s1000------------r-----000-0-eng-d</controlfield><datafield ind1=" " ind2=" " tag="080"><subfield code="a">681.3.06</subfield></datafield><datafield ind1=" " ind2=" " tag="245"><subfield code="a">Annual review in automatic programming</subfield></datafield><datafield ind1=" " ind2=" " tag="260"><subfield code="a">Oxford, Pergamon Press, 1969 67 P</subfield></datafield><datafield ind1=" " ind2=" " tag="700"><subfield code="a">Bolliet, L. Brooker, R.A., Ershow, A.P. Floyd, R.W. Halpern, M.I. And C.J.Shaw</subfield></datafield><datafield ind1=" " ind2=" " tag="852"><subfield code="a">15.903</subfield></datafield></record></collection>